<?xml version="1.0" encoding="UTF-8"?><record xmlns="http://www.loc.gov/MARC21/slim" xmlns:cinclude="http://apache.org/cocoon/include/1.0" xmlns:zs="http://www.loc.gov/zing/srw/">
  <leader>00294nz  a2200121n  4500</leader>
  <controlfield tag="001">n  94097568 </controlfield>
  <controlfield tag="003">DLC</controlfield>
  <controlfield tag="005">19941011170450.7</controlfield>
  <controlfield tag="008">941011n| acannaab|          |n aaa |||  </controlfield>
  <datafield tag="010" ind1=" " ind2=" ">
    <subfield code="a">n  94097568 </subfield>
  </datafield>
  <datafield tag="040" ind1=" " ind2=" ">
    <subfield code="a">DLC</subfield>
    <subfield code="c">DLC</subfield>
  </datafield>
  <datafield tag="100" ind1="1" ind2="0">
    <subfield code="a">Fisher, Jerrold</subfield>
  </datafield>
  <datafield tag="670" ind1=" " ind2=" ">
    <subfield code="a">De휍혖sire휍혖e, c1993:</subfield>
    <subfield code="b">t.p. (Jerrold Fisher)</subfield>
  </datafield>
</record>